<?xml version="1.0" encoding="UTF-8"?><record xmlns="http://www.loc.gov/MARC21/slim" xmlns:cinclude="http://apache.org/cocoon/include/1.0" xmlns:zs="http://www.loc.gov/zing/srw/">
  <leader>01164cz  a2200241n  4500</leader>
  <controlfield tag="001">n  42000761 </controlfield>
  <controlfield tag="003">DLC</controlfield>
  <controlfield tag="005">19920422093815.3</controlfield>
  <controlfield tag="008">821221n| acaaaaaa|          |a ana |||  </controlfield>
  <datafield tag="010" ind1=" " ind2=" ">
    <subfield code="a">n  42000761 </subfield>
  </datafield>
  <datafield tag="040" ind1=" " ind2=" ">
    <subfield code="a">DLC</subfield>
    <subfield code="c">DLC</subfield>
    <subfield code="d">DLC</subfield>
  </datafield>
  <datafield tag="130" ind1=" " ind2="0">
    <subfield code="a">ʻĒkkasān kānsưksā thāng ratthaprasāsanasāt</subfield>
  </datafield>
  <datafield tag="410" ind1="2" ind2="0">
    <subfield code="a">Čhulālongkōnmahāwitthayālai.</subfield>
    <subfield code="b">Phāk Wichā Ratthaprasāsanasāt.</subfield>
    <subfield code="t">ʻĒkkasān kānsưksā thāng ratthaprasāsanasāt</subfield>
  </datafield>
  <datafield tag="410" ind1="2" ind2="0">
    <subfield code="a">Čhulālongkō̜nmahāwitthayālai.</subfield>
    <subfield code="b">Phāk Wichā Ratthaprasāsanasāt.</subfield>
    <subfield code="t">Monograph series in public administration</subfield>
  </datafield>
  <datafield tag="430" ind1=" " ind2="0">
    <subfield code="a">Monograph series in public administration</subfield>
  </datafield>
  <datafield tag="430" ind1=" " ind2="0">
    <subfield code="a">ʻĒkkasān kānsưksā ratthaprasāsanasāt</subfield>
  </datafield>
  <datafield tag="642" ind1=" " ind2=" ">
    <subfield code="a">lamdap thī 17</subfield>
    <subfield code="5">DLC</subfield>
  </datafield>
  <datafield tag="643" ind1=" " ind2=" ">
    <subfield code="a">[Bangkok]</subfield>
    <subfield code="b">Khana Ratthasāt, Čhulālongkō̜nmahāwitthayālai</subfield>
  </datafield>
  <datafield tag="644" ind1=" " ind2=" ">
    <subfield code="a">f</subfield>
    <subfield code="5">DLC</subfield>
  </datafield>
  <datafield tag="645" ind1=" " ind2=" ">
    <subfield code="a">t</subfield>
    <subfield code="5">DLC</subfield>
  </datafield>
  <datafield tag="646" ind1=" " ind2=" ">
    <subfield code="a">s</subfield>
    <subfield code="5">DLC</subfield>
  </datafield>
  <datafield tag="670" ind1=" " ind2=" ">
    <subfield code="a">Phanom Thinnakō̜n Na ʻAyutthayā. Sap wichākān læ sap banyat thāng ratthaprasāsanasāt, 1981.</subfield>
  </datafield>
  <datafield tag="670" ind1=" " ind2=" ">
    <subfield code="a">Purachai Piumsombun. ʻUdommakhati læ čhariyatham tamrūat, 1990:</subfield>
    <subfield code="b">t.p. (ʻĒkkasān kānsưksā ratthaprasāsanasāt</subfield>
  </datafield>
</record>